@inproceedings{Kittur:2013:FCW:2441776.2441923,
 author = {Kittur, Aniket and Nickerson, Jeffrey V. and Bernstein, Michael and Gerber, Elizabeth and Shaw, Aaron and Zimmerman, John and Lease, Matt and Horton, John},
 title = {The Future of Crowd Work},
 booktitle = {Proceedings of the 2013 Conference on Computer Supported Cooperative Work},
 series = {CSCW '13},
 year = {2013},
 isbn = {978-1-4503-1331-5},
 location = {San Antonio, Texas, USA},
 pages = {1301--1318},
 numpages = {18},
 url = {http://doi.acm.org/10.1145/2441776.2441923},
 doi = {10.1145/2441776.2441923},
 acmid = {2441923},
 publisher = {ACM},
 address = {New York, NY, USA},
 keywords = {crowd work, crowdsourcing, organization design, research vision},
}

@inproceedings{Gadiraju:2014:TMW:2631775.2631819,
 author = {Gadiraju, Ujwal and Kawase, Ricardo and Dietze, Stefan},
 title = {A Taxonomy of Microtasks on the Web},
 booktitle = {Proceedings of the 25th ACM Conference on Hypertext and Social Media},
 series = {HT '14},
 year = {2014},
 isbn = {978-1-4503-2954-5},
 location = {Santiago, Chile},
 pages = {218--223},
 numpages = {6},
 url = {http://doi.acm.org/10.1145/2631775.2631819},
 doi = {10.1145/2631775.2631819},
 acmid = {2631819},
 publisher = {ACM},
 address = {New York, NY, USA},
 keywords = {affinity, crowdsourcing, effort, incentive, microtasks, taxonomy},
} 

@inproceedings{Venanzi:2014:CBA:2566486.2567989,
 author = {Venanzi, Matteo and Guiver, John and Kazai, Gabriella and Kohli, Pushmeet and Shokouhi, Milad},
 title = {Community-based Bayesian Aggregation Models for Crowdsourcing},
 booktitle = {Proceedings of the 23rd International Conference on World Wide Web},
 series = {WWW '14},
 year = {2014},
 isbn = {978-1-4503-2744-2},
 location = {Seoul, Korea},
 pages = {155--164},
 numpages = {10},
 url = {http://doi.acm.org/10.1145/2566486.2567989},
 doi = {10.1145/2566486.2567989},
 acmid = {2567989},
 publisher = {ACM},
 address = {New York, NY, USA},
 keywords = {bayesian inference, community detection, crowdsourcing},
} 

@inproceedings{Hosseini:2012:ALM:2260641.2260661,
 author = {Hosseini, Mehdi and Cox, Ingemar J. and Mili\'{c}-Frayling, Nata\v{s}a and Kazai, Gabriella and Vinay, Vishwa},
 title = {On Aggregating Labels from Multiple Crowd Workers to Infer Relevance of Documents},
 booktitle = {Proceedings of the 34th European Conference on Advances in Information Retrieval},
 series = {ECIR'12},
 year = {2012},
 isbn = {978-3-642-28996-5},
 location = {Barcelona, Spain},
 pages = {182--194},
 numpages = {13},
 url = {http://dx.doi.org/10.1007/978-3-642-28997-2_16},
 doi = {10.1007/978-3-642-28997-2_16},
 acmid = {2260661},
 publisher = {Springer-Verlag},
 address = {Berlin, Heidelberg},
} 


@inproceedings{square,
  author = {Aashish Sheshadri and Matthew Lease},
  title = {{SQUARE: A Benchmark for Research on Computing Crowd Consensus}},
  booktitle = {{Proceedings of the 1st AAAI Conference on Human Computation (HCOMP)}},
  year = {2013},
  pages = {156--164},
  url = {http://ir.ischool.utexas.edu/square/documents/sheshadri.pdf},
  data = {http://ir.ischool.utexas.edu/square/}
}

@inproceedings{zencrowd,
 author = {Demartini, Gianluca and Difallah, Djellel Eddine and Cudr{\'e}-Mauroux, Philippe},
 title = {ZenCrowd: Leveraging Probabilistic Reasoning and Crowdsourcing Techniques for Large-scale Entity Linking},
 booktitle = {Proceedings of the 21st International Conference on World Wide Web},
 series = {WWW '12},
 year = {2012},
 isbn = {978-1-4503-1229-5},
 location = {Lyon, France},
 pages = {469--478},
 numpages = {10},
 url = {http://doi.acm.org/10.1145/2187836.2187900},
 doi = {10.1145/2187836.2187900},
 acmid = {2187900},
 publisher = {ACM},
 address = {New York, NY, USA},
 keywords = {crowdsourcing, entity linking, linked data, probabilistic reasoning},
}

@article{mizzaroalonso,
  author    = {Omar Alonso and
               Stefano Mizzaro},
  title     = {Using crowdsourcing for {TREC} relevance assessment},
  journal   = {Inf. Process. Manage.},
  year      = {2012},
  volume    = {48},
  number    = {6},
  pages     = {1053--1066},
  url       = {http://dx.doi.org/10.1016/j.ipm.2012.01.004},
  doi       = {10.1016/j.ipm.2012.01.004},
  timestamp = {Thu, 30 Oct 2014 22:34:17 +0100},
  biburl    = {http://dblp.uni-trier.de/rec/bib/journals/ipm/AlonsoM12},
  bibsource = {dblp computer science bibliography, http://dblp.org}
}

@inproceedings{bioonto,
   author              = {Jonathan Mortensen and 
                          Mark A. Musen and 
                          Natasha F. Noy},
   title               = {Crowdsourcing the Verification of Relationships in Biomedical Ontologies.},
   booktitle           = {AMIA},
   year                = {2013},
   ee                  = {http://knowledge.amia.org/amia-55142-a2013e-1.580047/t-09-1.582024/f-009-1.582025/a-345-1.582084/a-363-1.582079}
}


@inproceedings{crowdmap,
 author = {Sarasua, Cristina and Simperl, Elena and Noy, Natalya F.},
 title = {CrowdMap: Crowdsourcing Ontology Alignment with Microtasks},
 booktitle = {Proceedings of the 11th International Conference on The Semantic Web - Volume Part I},
 series = {ISWC'12},
 year = {2012},
 isbn = {978-3-642-35175-4},
 location = {Boston, MA},
 pages = {525--541},
 numpages = {17},
 url = {http://dx.doi.org/10.1007/978-3-642-35176-1_33},
 doi = {10.1007/978-3-642-35176-1_33},
 acmid = {2426550},
 publisher = {Springer-Verlag},
 address = {Berlin, Heidelberg},
}

@inproceedings{turkopticon,
 author = {Irani, Lilly C. and Silberman, M. Six},
 title = {{Turkopticon: Interrupting Worker Invisibility in Amazon Mechanical Turk}},
 booktitle = {Proceedings of the SIGCHI Conference on Human Factors in Computing Systems},
 series = {CHI '13},
 year = {2013},
 isbn = {978-1-4503-1899-0},
 location = {Paris, France},
 pages = {611--620},
 numpages = {10},
 url = {http://doi.acm.org/10.1145/2470654.2470742},
 doi = {10.1145/2470654.2470742},
 acmid = {2470742},
 publisher = {ACM},
 address = {New York, NY, USA},
 keywords = {activism, amazon mechanical turk, design, ethics, human computation, infrastructure},
}

@article{mturk,
 author = {Ipeirotis, Panagiotis G.},
 title = {Analyzing the Amazon Mechanical Turk Marketplace},
 journal = {XRDS},
 issue_date = {Winter 2010},
 volume = {17},
 number = {2},
 month = dec,
 year = {2010},
 issn = {1528-4972},
 pages = {16--21},
 numpages = {6},
 url = {http://doi.acm.org/10.1145/1869086.1869094},
 doi = {10.1145/1869086.1869094},
 acmid = {1869094},
 publisher = {ACM},
 address = {New York, NY, USA},
}

@inproceedings{crowddb,
 author = {Franklin, Michael J. and Kossmann, Donald and Kraska, Tim and Ramesh, Sukriti and Xin, Reynold},
 title = {{CrowdDB: Answering Queries with Crowdsourcing}},
 booktitle = {Proceedings of the 2011 ACM SIGMOD International Conference on Management of Data},
 series = {SIGMOD '11},
 year = {2011},
 isbn = {978-1-4503-0661-4},
 location = {Athens, Greece},
 pages = {61--72},
 numpages = {12},
 url = {http://doi.acm.org/10.1145/1989323.1989331},
 doi = {10.1145/1989323.1989331},
 acmid = {1989331},
 publisher = {ACM},
 address = {New York, NY, USA},
 keywords = {architecture, crowd, crowdsourcing, database, hybrid system, query processing},
}

@article{crowder,
 author = {Wang, Jiannan and Kraska, Tim and Franklin, Michael J. and Feng, Jianhua},
 title = {{CrowdER: Crowdsourcing Entity Resolution}},
 journal = {Proc. VLDB Endow.},
 issue_date = {July 2012},
 volume = {5},
 number = {11},
 month = jul,
 year = {2012},
 issn = {2150-8097},
 pages = {1483--1494},
 numpages = {12},
 url = {http://dx.doi.org/10.14778/2350229.2350263},
 doi = {10.14778/2350229.2350263},
 acmid = {2350263},
 publisher = {VLDB Endowment},
}


@inproceedings{Kucherbaev:2014:TET:2598153.2602249,
 author = {Kucherbaev, Pavel and Daniel, Florian and Marchese, Maurizio and Casati, Fabio and Reavey, Brian},
 title = {Toward Effective Tasks Navigation in Crowdsourcing},
 booktitle = {Proceedings of the 2014 International Working Conference on Advanced Visual Interfaces},
 series = {AVI '14},
 year = {2014},
 isbn = {978-1-4503-2775-6},
 location = {Como, Italy},
 pages = {401--404},
 numpages = {4},
 url = {http://doi.acm.org/10.1145/2598153.2602249},
 doi = {10.1145/2598153.2602249},
 acmid = {2602249},
 publisher = {ACM},
 address = {New York, NY, USA},
 keywords = {crowdsourcing, search, user interfaces},
}